@book{Knuth86,
  author    = {Donald E. Knuth},
  title     = {The TeXbook},
  publisher = {Addison-Wesley},
  year      = {1986},
  isbn      = {0-201-13447-0}
}

@book{Lamport94,
  author    = {Leslie Lamport},
  title     = {LaTeX, a Document Preparation System},
  publisher = {Addison-Wesley},
  year      = {1994},
  isbn      = {0-201-52983-1}
}

@misc{website:wikibooks,
      author = {Various},
      title = {LaTeX Wikibook},
      url = {http://en.wikibooks.org/wiki/LaTeX},
      year = 2011
}

@manual{lshort,
   author    = "T. Oetiker",
   title     = "The Not So Short Introduction to LaTeX",
   editiontype = "Version",
   edition   = "2.2",
   month     = jan,
   year      = 1996
}